<?xml version="1.0" encoding="UTF-8"?>
<collection xmlns:xsi="http://www.w3.org/2001/XMLSchema-instance" xsi:schemaLocation="http://www.loc.gov/MARC21/slim http://www.loc.gov/standards/marcxml/schema/MARC21slim.xsd" xmlns="http://www.loc.gov/MARC21/slim">
<record>
  <leader>01355cam a2200241 a 4500</leader>
  <controlfield tag="001">6612097</controlfield>
  <controlfield tag="003">NNC</controlfield>
  <controlfield tag="005">20150626002640.0</controlfield>
  <controlfield tag="008">030227s1939    le            000 0 ara d</controlfield>
  <datafield tag="035" ind1=" " ind2=" ">
    <subfield code="a">(OCoLC)ocm51759430</subfield>
  </datafield>
  <datafield tag="035" ind1=" " ind2=" ">
    <subfield code="a">(NNC)6612097</subfield>
  </datafield>
  <datafield tag="040" ind1=" " ind2=" ">
    <subfield code="a">AZU</subfield>
    <subfield code="c">AZU</subfield>
    <subfield code="d">NNC</subfield>
  </datafield>
  <datafield tag="066" ind1=" " ind2=" ">
    <subfield code="c">(3</subfield>
  </datafield>
  <datafield tag="090" ind1=" " ind2=" ">
    <subfield code="a">BP174</subfield>
    <subfield code="b">.M37 1939</subfield>
  </datafield>
  <datafield tag="100" ind1="1" ind2=" ">
    <subfield code="6">880-01</subfield>
    <subfield code="a">Malībārī, Zayn al-Dīn ibn ʻAbd al-ʻAzīz.</subfield>
  </datafield>
  <datafield tag="245" ind1="1" ind2="0">
    <subfield code="6">880-02</subfield>
    <subfield code="a">Irshād al-ʻibād ilá sabīl al-rashād /</subfield>
    <subfield code="c">Tāʾlīf Zayn al-Dīn ibn ʻAbd al-ʻAzīz ibn Zayn al-Dīn ibn ʻAlī al-Maʻbarī al-Malībārī. Wa-bi-hāmishihi mukhtaṣar jalīl yataḍamman aḥādīth wa-āthār wa-mawāʻiẓ ...</subfield>
  </datafield>
  <datafield tag="260" ind1=" " ind2=" ">
    <subfield code="6">880-03</subfield>
    <subfield code="a">Bayrūt :</subfield>
    <subfield code="b">Dār al Maʻrifah lil-Ṭibaʻah wa-al-Nashr,</subfield>
    <subfield code="c">1939</subfield>
  </datafield>
  <datafield tag="300" ind1=" " ind2=" ">
    <subfield code="a">152 p. ;</subfield>
    <subfield code="c">28 cm.</subfield>
  </datafield>
  <datafield tag="650" ind1=" " ind2="0">
    <subfield code="a">Islam</subfield>
    <subfield code="x">Customs and practices.</subfield>
  </datafield>
  <datafield tag="880" ind1="1" ind2=" ">
    <subfield code="6">100-01/(3/r</subfield>
    <subfield code="a">مليباري، زين الدين بن عبد العزيز.</subfield>
  </datafield>
  <datafield tag="880" ind1="1" ind2="0">
    <subfield code="6">245-02/(3/r</subfield>
    <subfield code="a">إرشاد العباد الى سبيل الرشاد /</subfield>
    <subfield code="c">تأليف زين الدين بن عبد العزيز بن زين الدين بن علي المعبري المليباري. وبهامشه مختصر جليل يتضمن أحاديث وآثار ومواعظ ....</subfield>
  </datafield>
  <datafield tag="880" ind1=" " ind2=" ">
    <subfield code="6">260-03/(3/r</subfield>
    <subfield code="a">بيروت :</subfield>
    <subfield code="b">دار ال عرفة للطباعة والنشر،</subfield>
    <subfield code="c">[19--؟]</subfield>
  </datafield>
  <datafield tag="955" ind1=" " ind2=" ">
    <subfield code="b">0068077327</subfield>
    <subfield code="d">glx</subfield>
    <subfield code="e">BP174 .M362 1939g</subfield>
  </datafield>
</record>
</collection>